<record><leader>00000cas a22000007a 4500</leader><controlfield tag="001">9227597</controlfield><controlfield tag="008">830216c19349999paudn ne      0   a0eng d</controlfield><datafield ind1=" " ind2=" " tag="010"><subfield code="a">sn 83001766 </subfield></datafield><datafield ind1=" " ind2=" " tag="040"><subfield code="a">NSD</subfield><subfield code="b">eng</subfield><subfield code="c">NSD</subfield><subfield code="d">NPH</subfield><subfield code="d">NSD</subfield><subfield code="d">CUN</subfield><subfield code="d">OCLCQ</subfield><subfield code="d">OCLCF</subfield><subfield code="d">OCLCO</subfield></datafield><datafield ind1=" " ind2=" " tag="012"><subfield code="m">1</subfield></datafield><datafield ind1=" " ind2=" " tag="019"><subfield code="a">994398142</subfield></datafield><datafield ind1="1" ind2=" " tag="022"><subfield code="a">0745-483X</subfield><subfield code="l">0745-483X</subfield><subfield code="2">1</subfield></datafield><datafield ind1="1" ind2=" " tag="029"><subfield code="a">AU@</subfield><subfield code="b">000042337482</subfield></datafield><datafield ind1=" " ind2=" " tag="032"><subfield code="a">098780</subfield><subfield code="b">USPS</subfield></datafield><datafield ind1=" " ind2=" " tag="037"><subfield code="b">Centre Daily Times, P.O. Box 89, State College, PA 16801</subfield></datafield><datafield ind1=" " ind2=" " tag="042"><subfield code="a">nsdp</subfield></datafield><datafield ind1=" " ind2="0" tag="222"><subfield code="a">Centre daily times</subfield></datafield><datafield ind1="0" ind2="0" tag="245"><subfield code="a">Centre daily times.</subfield></datafield><datafield ind1=" " ind2=" " tag="260"><subfield code="a">State College, Pa. :</subfield><subfield code="b">Nittany Printing and Pub. Co.,</subfield><subfield code="c">1934-</subfield></datafield><datafield ind1=" " ind2=" " tag="300"><subfield code="a">v.</subfield></datafield><datafield ind1=" " ind2=" " tag="310"><subfield code="a">Daily (except certain holidays)</subfield><subfield code="b">&lt;, Dec. 11, 1985-&gt;</subfield></datafield><datafield ind1=" " ind2=" " tag="321"><subfield code="a">Daily</subfield></datafield><datafield ind1="0" ind2=" " tag="362"><subfield code="a">Vol. 37, no. 1 (Apr. 2, 1934)-</subfield></datafield><datafield ind1=" " ind2="0" tag="651"><subfield code="a">State College (Pa.)</subfield><subfield code="v">Newspapers.</subfield></datafield><datafield ind1=" " ind2="0" tag="651"><subfield code="a">Centre County (Pa.)</subfield><subfield code="v">Newspapers.</subfield></datafield><datafield ind1=" " ind2="7" tag="655"><subfield code="a">Newspapers.</subfield><subfield code="2">fast</subfield><subfield code="0">(OCoLC)fst01423814</subfield></datafield><datafield ind1=" " ind2="7" tag="651"><subfield code="a">Pennsylvania</subfield><subfield code="z">Centre County.</subfield><subfield code="2">fast</subfield><subfield code="0">(OCoLC)fst01207265</subfield></datafield><datafield ind1=" " ind2="7" tag="651"><subfield code="a">Pennsylvania</subfield><subfield code="z">State College.</subfield><subfield code="2">fast</subfield><subfield code="0">(OCoLC)fst01206660</subfield></datafield><datafield ind1=" " ind2=" " tag="752"><subfield code="a">United States</subfield><subfield code="b">Pennsylvania</subfield><subfield code="c">Centre</subfield><subfield code="d">State College.</subfield></datafield><datafield ind1="0" ind2="0" tag="780"><subfield code="t">State College times</subfield><subfield code="w">(DLC)sn 85054921</subfield><subfield code="w">(OCoLC)11967761</subfield></datafield><datafield ind1=" " ind2=" " tag="936"><subfield code="a">v. 88, no. 283 (Dec. 11, 1985) LIC</subfield></datafield></record>